@book{benenti2004principles,
    title = {Principles of Quantum Computation and Information: Basic tools and special topics},
    author = {Benenti, G. and Casati, G. and Strini, G.},
    isbn = {9789812563453},
    lccn = {2006278038},
    series = {Principles of Quantum Computation and Information},
    year = {2004},
    publisher = {World Scientific} }

@INPROCEEDINGS{Shor,
    author = {P. W. {Shor}},
    booktitle = {Proceedings 35th Annual Symposium on Foundations of Computer Science},
    title = {Algorithms for quantum computation: discrete logarithms and factoring},
    year = {1994},
    pages = {124-134} }

@INPROCEEDINGS{Milburn,
    author = {G. J. {Milburn} and M. {Sarovar} and C. {Ahn}},
    booktitle = {2004 5th Asian Control Conference (IEEE Cat. No.04EX904)},
    title = {Quantum control and quantum error correction},
    year = {2004},
    volume = {1},  pages = {33-41 Vol.1} }

@online{Matuschak2019,
    author = {Matuschak, Andy and Nielsen, Michael},
    title = {{Quantum computing for the very curious - Quantum wires}},
    journal = {Quantum Country},
    year = {2019},
    note = {[Online; accessed 12. Jun. 2020]},
    url = {https://quantum.country/qcvc#quantum-wires} }

@ARTICLE{Li,
    author = {J. {Li}},
    journal = {IEEE Access},
    title = {Some Progress on Quantum Error Correction for Discrete and Continuous Error Models},
    year = {2020},
    volume = {8},
    pages = {46998-47012} }

@ARTICLE{deBrito,
    author = {D. B. {de Brito} and J. C. {do Nascimento} and R. V. {Ramos}},
    journal = {IEEE Journal of Quantum Electronics},
    title = {Quantum Communication With Polarization-Encoded Qubit Using Quantum Error Correction},
    year = {2008},
    volume = {44},
    number = {2},
    pages = {113-118} }

@online{IBMQExperience,
    title = {{IBM Quantum Experience}},
    year = {2020},
    month = {Jun},
    note = {[Online; accessed 12. Jun. 2020]},
    url = {https://quantum-computing.ibm.com}
}

@online{Qiskit,
    title = {{Qiskit}},
    year = {2020},
    month = {Jun},
    note = {[Online; accessed 12. Jun. 2020]},
    url = {https://qiskit.org}
}

@article{Weinstein_2001,
    title = {Implementation of the Quantum Fourier Transform},
    volume = {86},
    ISSN = {1079-7114},
    url = {http://dx.doi.org/10.1103/PhysRevLett.86.1889},
    DOI = {10.1103/physrevlett.86.1889},
    number = {9},
    journal = {Physical Review Letters},
    publisher = {American Physical Society (APS)},
    author = {Weinstein, Y. S. and Pravia, M. A. and Fortunato, E. M. and Lloyd, S. and Cory, D. G.},
    year = {2001},
    month = {Feb},
    pages = {1889â€“1891}
}

@online{QiskitTBQFT,
    author = {{The Qiskit Team}},
    title = {{Quantum Fourier Transform - Qiskit Textbook}},
    year = {2020},
    month = {Jun},
    note = {[Online; accessed 13. Jun. 2020]},
    url = {https://qiskit.org/textbook/ch-algorithms/quantum-fourier-transform.html}
}

@article{Hui2019Jan,
    author = {Hui, Jonathan},
    title = {{QC - Quantum Fourier Transform - Jonathan Hui - Medium}},
    journal = {Medium},
    year = {2019},
    month = {Jan},
    publisher = {Medium},
    url = {https://medium.com/@jonathan_hui/qc-quantum-fourier-transform-45436f90a43}
}

@online{Yin2020Jun,
    author = {Yin, Alan},
    title = {{Berkeley Quantum Computing}},
    year = {2020},
    month = {Jun},
    note = {[Online; accessed 13. Jun. 2020]},
    url = {https://www.academia.edu/16116703/Berkeley_Quantum_Computing}
}

@online{VANJURGEN,
    title = {{The Role of Interference and Entanglement in Quantum Computing}},
    author = {Van Gael, Jurgen},
    year = {2005},
    note = {[Online; accessed 13. Jun. 2020]},
    url = {http://pages.cs.wisc.edu/~dieter/Papers/vangael-thesis.pdf}
}

@online{Preskill,
    title = {{Quantum Compution Course}},
    author = {Preskill, John},
    year = {2019},
    month = {Sep},
    note = {[Online; accessed 13. Jun. 2020]},
    url = {http://theory.caltech.edu/people/preskill/ph229}
}

@online{IBMQAccount,
    title = {{IBM Q Account}},
    year = {2020},
    month = {Jun},
    note = {[Online; accessed 14. Jun. 2020]},
    url = {https://qiskit.org/ibmqaccount}
}

@online{QiskitNoiseModel,
    title = {{Qiskit - Noise Models}},
    year = {2020},
    month = {Jun},
    note = {[Online; accessed 14. Jun. 2020]},
    url = {https://qiskit.org/documentation/apidoc/aer_noise.html}
}

@online{StackOverFlowDevSurveyTechnolgies,
    title = {{Stack Overflow Developer Survey}},
    journal = {Stack Overflow},
    year = {2020},
    month = {Jun},
    note = {[Online; accessed 14. Jun. 2020]},
    url = {https://insights.stackoverflow.com/survey/2020#technology-programming-scripting-and-markup-languages-all-respondents}
}

@online{JupyterLabDocs,
    title = {{JupyterLab Documentation}},
    year = {2020},
    month = {Jun},
    note = {[Online; accessed 14. Jun. 2020]},
    url = {https://jupyterlab.readthedocs.io/en/stable}
}

@online{ProjectJupyter,
    title = {{Project Jupyter}},
    year = {2020},
    month = {May},
    note = {[Online; accessed 14. Jun. 2020]},
    url = {https://jupyter.org/about}
}

@online{JupyterLabOverview,
    title = {{JupyterLab Overview}},
    year = {2020},
    month = {Jun},
    note = {[Online; accessed 14. Jun. 2020]},
    url = {https://jupyterlab.readthedocs.io/en/stable/getting_started/overview.html}
}

@online{ControlledU1Gate,
    title = {{IBM Quantum Experience - Docs and Resources}},
    journal = {IBM Quantum Experience},
    year = {2020},
    month = {Jun},
    note = {[Online; accessed 14. Jun. 2020]},
    url = {https://quantum-computing.ibm.com/docs/circ-comp/q-gates#u1-gate}
}

@online{QiskitGettingStarted,
    title = {{Getting Started with Qiskit}},
    year = {2020},
    month = {Jun},
    note = {[Online; accessed 14. Jun. 2020]},
    url = {https://qiskit.org/documentation/tutorials/circuits/1_getting_started_with_qiskit.html}
}

@online{QiskitErrorCorrection,
    author = {{The Qiskit Team}},
    title = {{Introduction to Quantum Error Correction using Repetition Codes}},
    year = {2020},
    month = {Jun},
    note = {[Online; accessed 14. Jun. 2020]},
    url = {https://qiskit.org/textbook/ch-quantum-hardware/error-correction-repetition-code.html}
}

@online{QiskitDocsNoise,
    title = {{Qiskit - Noise Models}},
    year = {2020},
    month = {Jun},
    note = {[Online; accessed 14. Jun. 2020]},
    url = {https://qiskit.org/documentation/apidoc/aer_noise.html}
}
